<?xml version="1.0" encoding="UTF-8"?>
<collection xmlns="http://www.loc.gov/MARC21/slim" xmlns:xsi="http://www.w3.org/2001/XMLSchema-instance" xmlns:marc="http://www.loc.gov/MARC21/slim" xsi:schemaLocation="http://www.loc.gov/MARC21/slim http://www.loc.gov/standards/marcxml/schema/MARC21slim.xsd">
   <record>
      <marc:leader>00992cas a2200265La 4500</marc:leader>
      <marc:controlfield tag="001">5850790</marc:controlfield>
      <marc:controlfield tag="005">20140602102309.0</marc:controlfield>
      <marc:controlfield tag="008">891030d19241924fr mr p       0   b0fre d</marc:controlfield>
      <marc:datafield tag="035" ind1=" " ind2=" ">
         <marc:subfield code="a">(OCoLC)ocn176344117</marc:subfield>
      </marc:datafield>
      <marc:datafield tag="035" ind1=" " ind2=" ">
         <marc:subfield code="a">(OCoLC)176344117</marc:subfield>
      </marc:datafield>
      <marc:datafield tag="040" ind1=" " ind2=" ">
         <marc:subfield code="a">CU</marc:subfield>
         <marc:subfield code="c">NGA</marc:subfield>
         <marc:subfield code="d">OCLCG</marc:subfield>
      </marc:datafield>
      <marc:datafield tag="130" ind1="0" ind2=" ">
         <marc:subfield code="a">Surréalisme (Paris, France : 1924)</marc:subfield>
      </marc:datafield>
      <marc:datafield tag="245" ind1="0" ind2="0">
         <marc:subfield code="a">Surréalisme.</marc:subfield>
      </marc:datafield>
      <marc:datafield tag="260" ind1=" " ind2=" ">
         <marc:subfield code="a">Paris :</marc:subfield>
         <marc:subfield code="b">I. Goll,</marc:subfield>
         <marc:subfield code="c">[1924]</marc:subfield>
      </marc:datafield>
      <marc:datafield tag="300" ind1=" " ind2=" ">
         <marc:subfield code="a">1 v. [16 ] p. ;</marc:subfield>
         <marc:subfield code="c">26 cm.</marc:subfield>
      </marc:datafield>
      <marc:datafield tag="362" ind1="0" ind2=" ">
         <marc:subfield code="a">1 (oct. 1924)</marc:subfield>
      </marc:datafield>
      <marc:datafield tag="500" ind1=" " ind2=" ">
         <marc:subfield code="a">"Directeur: Ivan Goll.  Collaborateurs: Guillaume APollinaire, Marcel Arland, P. Albert-Birot, René Crevel, Joseph Delteil, Robert Delaunay, Paul Dermée, Jean Painlevé, Pierre Reverdy"</marc:subfield>
      </marc:datafield>
      <marc:datafield tag="500" ind1=" " ind2=" ">
         <marc:subfield code="a">Drawing by Robert Delaunay on cover.</marc:subfield>
      </marc:datafield>
      <marc:datafield tag="500" ind1=" " ind2=" ">
         <marc:subfield code="a">No more published.</marc:subfield>
      </marc:datafield>
      <datafield tag="599" ind1=" " ind2=" ">
         <subfield code="a">ark:/88435/4q77fv004</subfield>
         <subfield code="b">bmtnaaj_1924-10-01_01</subfield>
         <subfield code="v">no.1 1924-10</subfield>
      </datafield>
      <marc:datafield tag="650" ind1=" " ind2="0">
         <marc:subfield code="a">Surrealism</marc:subfield>
         <marc:subfield code="v">Periodicals.</marc:subfield>
      </marc:datafield>
      <marc:datafield tag="700" ind1="1" ind2=" ">
         <marc:subfield code="a">Goll, Yvan,</marc:subfield>
         <marc:subfield code="d">1891-1950.</marc:subfield>
      </marc:datafield>
      <marc:datafield tag="700" ind1="1" ind2=" ">
         <marc:subfield code="a">Delaunay, Robert,</marc:subfield>
         <marc:subfield code="d">1885-1941.</marc:subfield>
      </marc:datafield>
      <marc:datafield tag="856" ind1="4" ind2="1">
         <marc:subfield code="u">http://arks.princeton.edu/ark:/88435/cc08hh00v</marc:subfield>
      </marc:datafield>
      <marc:datafield tag="904" ind1=" " ind2=" ">
         <marc:subfield code="a">slt</marc:subfield>
         <marc:subfield code="b">o</marc:subfield>
         <marc:subfield code="h">m</marc:subfield>
         <marc:subfield code="c">s</marc:subfield>
         <marc:subfield code="e">20090721</marc:subfield>
      </marc:datafield>
      <marc:datafield tag="902" ind1=" " ind2=" ">
         <marc:subfield code="a">pg</marc:subfield>
         <marc:subfield code="b">m</marc:subfield>
         <marc:subfield code="6">a</marc:subfield>
         <marc:subfield code="7">s</marc:subfield>
         <marc:subfield code="d">v</marc:subfield>
         <marc:subfield code="f">1</marc:subfield>
         <marc:subfield code="e">20091022</marc:subfield>
      </marc:datafield>
   </record>
</collection>
